<?xml version="1.0" encoding="UTF-8" ?>
<marc:collection xmlns:marc="http://www.loc.gov/MARC21/slim"
    xmlns:xsi="http://www.w3.org/2001/XMLSchema-instance"
    xsi:schemaLocation="http://www.loc.gov/MARC21/slim http://www.loc.gov/standards/marcxml/schema/MARC21slim.xsd">
    <marc:record>
        <marc:leader>04623cpcaa2200625Ia 4500</marc:leader>
        <marc:controlfield tag="001">001694849</marc:controlfield>
        <marc:controlfield tag="005">20140417102121.0</marc:controlfield>
        <marc:controlfield tag="008">120924i18461936ilu                 eng d</marc:controlfield>
        <marc:datafield tag="024" ind1="8" ind2=" ">
            <marc:subfield code="a">ridlonjohn</marc:subfield>
            <marc:subfield code="d">DUKEPLEAD</marc:subfield>
        </marc:datafield>
        <marc:datafield tag="035" ind1=" " ind2=" ">
            <marc:subfield code="a">810924436</marc:subfield>
        </marc:datafield>
        <marc:datafield tag="040" ind1=" " ind2=" ">
            <marc:subfield code="a">NDD</marc:subfield>
            <marc:subfield code="e">dacs</marc:subfield>
            <marc:subfield code="c">NDD</marc:subfield>
            <marc:subfield code="d">NDD</marc:subfield>
            <marc:subfield code="d">OCLCO</marc:subfield>
            <marc:subfield code="d">NDD</marc:subfield>
            <marc:subfield code="d">OCLCO</marc:subfield>
            <marc:subfield code="d">OCLCA</marc:subfield>
            <marc:subfield code="d">NDD</marc:subfield>
        </marc:datafield>
        <marc:datafield tag="049" ind1=" " ind2=" ">
            <marc:subfield code="a">NDDP</marc:subfield>
        </marc:datafield>
        <marc:datafield tag="100" ind1="1" ind2=" ">
            <marc:subfield code="a">Ridlon, John,</marc:subfield>
            <marc:subfield code="d">1852-1936.</marc:subfield>
        </marc:datafield>
        <marc:datafield tag="245" ind1="1" ind2="0">
            <marc:subfield code="a">John Ridlon papers,</marc:subfield>
            <marc:subfield code="f">1846-1936 and undated.</marc:subfield>
        </marc:datafield>
        <marc:datafield tag="300" ind1=" " ind2=" ">
            <marc:subfield code="a">3250</marc:subfield>
            <marc:subfield code="f">items</marc:subfield>
        </marc:datafield>
        <marc:datafield tag="351" ind1=" " ind2=" ">
            <marc:subfield code="a">Arranged in the following series: Casebooks, Correspondence, Medical Images, Patient Case Files, Photographs, and Writings. There is also a section for oversize diplomas and certificates.</marc:subfield>
        </marc:datafield>
        <marc:datafield tag="545" ind1=" " ind2=" ">
            <marc:subfield code="a">Physician, surgeon, and professor specializing in orthopedic medicine, practicing in New York and Chicago, Illinois.</marc:subfield>
        </marc:datafield>
        <marc:datafield tag="520" ind1="8" ind2=" ">
            <marc:subfield code="a">Collection consists of articles, case files, correspondence, photographs, and medical illustrations dating chiefly from the 1890s-1920, relating to Dr. John Ridlon's extensive research and writings on orthopedics. Case files - a large majority of them pediatric - include tubercular infection of the joints, scoliosis and other deformities, spondylitis (spinal arthritis), and limb or joint injuries. There are hundreds of illustrations in the form of photographs mounted on board, photographic prints of X-rays, and printed illustrations on loose sheets that show patients, symptoms or deformities, and treatments such as braces and casts. Accompanying the professional papers is a set of 118 black-and-white photographs taken during Ridlon's service as a surgeon in the U.S. Army Medical Corps during World War I. In the same Photographs Series are several portraits of Ridlon, and a series of photographs of him posed in his office and examination room, taken in 1911.</marc:subfield>
        </marc:datafield>
        <marc:datafield tag="520" ind1="8" ind2=" ">
            <marc:subfield code="a">Bound volumes comprise: six casebooks (1889-1892); four letterbooks (1873-1903); an autograph manuscript, &quot;Some comments on the principles and practice of Hugh Owen Thomas&quot; (undated); a scrapbook of figures and illustrations (undated); three volumes composed of reprint clippings and manuscript notes (undated); and a bound volume of 88 reprints (1888-1923). There are also many letters of recommendation, diplomas, and certificates.Correspondents include: R. Osgood, A. Steindler, P. D. Wilson, R. K. Ghormley, J. E. Goldthwait, A. B. Judson, R. W. Lovett, H. W. Orr, S. W. Mitchell, and H. Cushing. In addition to discussing medical cases and research, letters also document Ridlon's involvement with two charitable institutions: the Home for Destitute Crippled Children (Chicago) and the Country Home for Convalescent Children. Acquired as part of the History of Medicine Collections at Duke University.</marc:subfield>
        </marc:datafield>
        <marc:datafield tag="541" ind1=" " ind2=" ">
            <marc:subfield code="a">.</marc:subfield>
            <marc:subfield code="c">Transfer</marc:subfield>
            <marc:subfield code="d">2011.</marc:subfield>
        </marc:datafield>
        
        <marc:datafield tag="500" ind1=" " ind2=" ">
            <marc:subfield code="a">Portions of this collection form part of the Trent Manuscripts Collection at Duke University.</marc:subfield>
        </marc:datafield>
        <marc:datafield tag="555" ind1="8" ind2=" ">
            <marc:subfield code="a">Finding aid in repository and on the web.</marc:subfield>
        </marc:datafield>
        <marc:datafield tag="600" ind1="1" ind2="0">
            <marc:subfield code="a">Ridlon, John,</marc:subfield>
            <marc:subfield code="d">1852-1936.</marc:subfield>
        </marc:datafield>
        <marc:datafield tag="600" ind1="1" ind2="0">
            <marc:subfield code="a">Cushing, Harvey,</marc:subfield>
            <marc:subfield code="d">1869-1939.</marc:subfield>
        </marc:datafield>
        <marc:datafield tag="600" ind1="1" ind2="0">
            <marc:subfield code="a">Ghormley, Ralph K.</marc:subfield>
            <marc:subfield code="q">(Ralph Kalb),</marc:subfield>
            <marc:subfield code="d">1893-1959.</marc:subfield>
        </marc:datafield>
        <marc:datafield tag="600" ind1="1" ind2="0">
            <marc:subfield code="a">Goldthwait, Joel E.</marc:subfield>
            <marc:subfield code="q">(Joel Ernest),</marc:subfield>
            <marc:subfield code="d">1866-</marc:subfield>
        </marc:datafield>
        <marc:datafield tag="600" ind1="1" ind2="0">
            <marc:subfield code="a">Judson, Adoniram Brown,</marc:subfield>
            <marc:subfield code="d">1837-1916.</marc:subfield>
        </marc:datafield>
        <marc:datafield tag="600" ind1="1" ind2="0">
            <marc:subfield code="a">Lorenz, Adolf,</marc:subfield>
            <marc:subfield code="d">1854-1946.</marc:subfield>
        </marc:datafield>
        <marc:datafield tag="600" ind1="1" ind2="0">
            <marc:subfield code="a">Lovett, Robert W.</marc:subfield>
            <marc:subfield code="q">(Robert Williamson),</marc:subfield>
            <marc:subfield code="d">1859-1924.</marc:subfield>
        </marc:datafield>
        <marc:datafield tag="600" ind1="1" ind2="0">
            <marc:subfield code="a">Mitchell, S. Weir</marc:subfield>
            <marc:subfield code="q">(Silas Weir),</marc:subfield>
            <marc:subfield code="d">1829-1914.</marc:subfield>
        </marc:datafield>
        <marc:datafield tag="600" ind1="1" ind2="0">
            <marc:subfield code="a">Orr, H. Winnett</marc:subfield>
            <marc:subfield code="q">(Hiram Winnett),</marc:subfield>
            <marc:subfield code="d">1877-1956.</marc:subfield>
        </marc:datafield>
        <marc:datafield tag="600" ind1="1" ind2="0">
            <marc:subfield code="a">Osgood, Robert Bayley,</marc:subfield>
            <marc:subfield code="d">1873-1956.</marc:subfield>
        </marc:datafield>
        <marc:datafield tag="600" ind1="1" ind2="0">
            <marc:subfield code="a">Steindler, Arthur,</marc:subfield>
            <marc:subfield code="d">1878-</marc:subfield>
        </marc:datafield>
        <marc:datafield tag="600" ind1="1" ind2="0">
            <marc:subfield code="a">Wilson, Philip</marc:subfield>
            <marc:subfield code="q">(Philip Duncan),</marc:subfield>
            <marc:subfield code="d">b. 1886.</marc:subfield>
        </marc:datafield>
        <marc:datafield tag="610" ind1="1" ind2="0">
            <marc:subfield code="a">United States.</marc:subfield>
            <marc:subfield code="b">Army.</marc:subfield>
            <marc:subfield code="b">Medical Reserve Corps.</marc:subfield>
        </marc:datafield>
        <marc:datafield tag="650" ind1=" " ind2="0">
            <marc:subfield code="a">Ankylosing spondylitis</marc:subfield>
            <marc:subfield code="x">History.</marc:subfield>
        </marc:datafield>
        <marc:datafield tag="650" ind1=" " ind2="0">
            <marc:subfield code="a">Medicine, Military</marc:subfield>
            <marc:subfield code="z">United States</marc:subfield>
            <marc:subfield code="x">History</marc:subfield>
            <marc:subfield code="y">20th century.</marc:subfield>
        </marc:datafield>
        <marc:datafield tag="650" ind1=" " ind2="0">
            <marc:subfield code="a">Military bases</marc:subfield>
            <marc:subfield code="z">New York (State)</marc:subfield>
            <marc:subfield code="v">Pictorial works</marc:subfield>
        </marc:datafield>
        <marc:datafield tag="650" ind1=" " ind2="0">
            <marc:subfield code="a">Orthopedics</marc:subfield>
            <marc:subfield code="z">United States</marc:subfield>
            <marc:subfield code="x">History.</marc:subfield>
        </marc:datafield>
        <marc:datafield tag="650" ind1=" " ind2="0">
            <marc:subfield code="a">Orthopedic surgery</marc:subfield>
            <marc:subfield code="z">United States</marc:subfield>
            <marc:subfield code="x">History.</marc:subfield>
        </marc:datafield>
        <marc:datafield tag="650" ind1=" " ind2="0">
            <marc:subfield code="a">Orthopedists</marc:subfield>
            <marc:subfield code="x">Correspondence.</marc:subfield>
        </marc:datafield>
        <marc:datafield tag="650" ind1=" " ind2="0">
            <marc:subfield code="a">Pediatric orthopedics</marc:subfield>
            <marc:subfield code="x">History.</marc:subfield>
        </marc:datafield>
        <marc:datafield tag="650" ind1=" " ind2="0">
            <marc:subfield code="a">Pediatrics.</marc:subfield>
        </marc:datafield>
        <marc:datafield tag="650" ind1=" " ind2="0">
            <marc:subfield code="a">Scoliosis</marc:subfield>
            <marc:subfield code="x">History.</marc:subfield>
        </marc:datafield>
        <marc:datafield tag="650" ind1=" " ind2="0">
            <marc:subfield code="a">Scoliosis in children</marc:subfield>
            <marc:subfield code="x">History.</marc:subfield>
        </marc:datafield>
        <marc:datafield tag="650" ind1=" " ind2="0">
            <marc:subfield code="a">Tuberculosis</marc:subfield>
            <marc:subfield code="x">History.</marc:subfield>
        </marc:datafield>
        <marc:datafield tag="650" ind1=" " ind2="0">
            <marc:subfield code="a">Tuberculosis in children</marc:subfield>
            <marc:subfield code="x">History.</marc:subfield>
        </marc:datafield>
        <marc:datafield tag="650" ind1=" " ind2="0">
            <marc:subfield code="a">World War, 1914-1918</marc:subfield>
            <marc:subfield code="x">Medical care</marc:subfield>
            <marc:subfield code="z">United States</marc:subfield>
            <marc:subfield code="v">Pictorial works.</marc:subfield>
        </marc:datafield>
        <marc:datafield tag="651" ind1=" " ind2="0">
            <marc:subfield code="a">Chicago (Ill.)</marc:subfield>
        </marc:datafield>
        <marc:datafield tag="651" ind1=" " ind2="0">
            <marc:subfield code="a">Plattsburgh (N.Y.)</marc:subfield>
        </marc:datafield>
        <marc:datafield tag="655" ind1=" " ind2="7">
            <marc:subfield code="a">Black-and-white photographs.</marc:subfield>
            <marc:subfield code="2">aat</marc:subfield>
        </marc:datafield>
        <marc:datafield tag="655" ind1=" " ind2="7">
            <marc:subfield code="a">Scrapbooks.</marc:subfield>
            <marc:subfield code="2">aat</marc:subfield>
        </marc:datafield>
        <marc:datafield tag="710" ind1="2" ind2=" ">
            <marc:subfield code="a">History of Medicine Collections (Duke University)</marc:subfield>
        </marc:datafield>
        <marc:datafield tag="856" ind1="4" ind2="2">
            <marc:subfield code="y">Finding aid</marc:subfield>
            <marc:subfield code="u">http://library.duke.edu/rubenstein/findingaids/ridlonjohn/</marc:subfield>
        </marc:datafield>
    </marc:record>
</marc:collection>
